<record><leader>00000cas a2200000 i 4500</leader><controlfield tag="001">974007796</controlfield><controlfield tag="006">m     o  d        </controlfield><controlfield tag="007">cr |||||||||||</controlfield><controlfield tag="008">170301d18741890deudn neo     0   a0eng  </controlfield><datafield ind1=" " ind2=" " tag="010"><subfield code="a">  2017218601</subfield></datafield><datafield ind1=" " ind2=" " tag="040"><subfield code="a">DLC</subfield><subfield code="b">eng</subfield><subfield code="e">rda</subfield><subfield code="c">DLC</subfield><subfield code="d">DLC</subfield><subfield code="d">OCLCF</subfield><subfield code="d">DLC</subfield></datafield><datafield ind1="0" ind2=" " tag="022"><subfield code="a">2476-2733</subfield><subfield code="2">1</subfield></datafield><datafield ind1=" " ind2=" " tag="042"><subfield code="a">pcc</subfield><subfield code="a">nsdp</subfield></datafield><datafield ind1=" " ind2=" " tag="043"><subfield code="a">n-us-de</subfield></datafield><datafield ind1="1" ind2="0" tag="050"><subfield code="a">ISSN RECORD</subfield></datafield><datafield ind1="1" ind2="0" tag="082"><subfield code="a">071</subfield><subfield code="2">23</subfield></datafield><datafield ind1="0" ind2=" " tag="130"><subfield code="a">Daily Republican (Wilmington, Del. : 1874)</subfield></datafield><datafield ind1=" " ind2="0" tag="222"><subfield code="a">Daily Republican</subfield><subfield code="b">(Wilmington, Del. 1874. Online)</subfield></datafield><datafield ind1="0" ind2="0" tag="245"><subfield code="a">Daily Republican.</subfield></datafield><datafield ind1=" " ind2="1" tag="264"><subfield code="a">Wilmington, Delaware :</subfield><subfield code="b">George W. Vernon &amp; Sons</subfield></datafield><datafield ind1=" " ind2=" " tag="300"><subfield code="a">1 online resource</subfield></datafield><datafield ind1=" " ind2=" " tag="310"><subfield code="a">Daily (except Sun.)</subfield></datafield><datafield ind1=" " ind2=" " tag="336"><subfield code="a">text</subfield><subfield code="b">txt</subfield><subfield code="2">rdacontent</subfield></datafield><datafield ind1=" " ind2=" " tag="337"><subfield code="a">computer</subfield><subfield code="b">c</subfield><subfield code="2">rdamedia</subfield></datafield><datafield ind1=" " ind2=" " tag="338"><subfield code="a">online resource</subfield><subfield code="b">cr</subfield><subfield code="2">rdacarrier</subfield></datafield><datafield ind1="1" ind2=" " tag="362"><subfield code="a">Began July 27, 1874; ceased December 24, 1890.</subfield></datafield><datafield ind1=" " ind2=" " tag="500"><subfield code="a">Publisher: The Republican Printing and Publishing Co., &lt;June 30, 1890&gt;.</subfield></datafield><datafield ind1=" " ind2=" " tag="588"><subfield code="a">Description based on: Vol. XIV, no. 34 (July 1, 1884); title from masthead (Chroniclingamerica.loc.gov, viewed March 1, 2017).</subfield></datafield><datafield ind1=" " ind2=" " tag="588"><subfield code="a">Latest issue consulted: (June 30, 1890) (Chroniclingamerica.loc.gov, viewed March 1, 2017).</subfield></datafield><datafield ind1=" " ind2="0" tag="651"><subfield code="a">Wilmington (Del.)</subfield><subfield code="v">Newspapers.</subfield></datafield><datafield ind1=" " ind2="7" tag="651"><subfield code="a">Delaware</subfield><subfield code="z">Wilmington.</subfield><subfield code="2">fast</subfield><subfield code="0">(OCoLC)fst01203983</subfield></datafield><datafield ind1=" " ind2="7" tag="655"><subfield code="a">Newspapers.</subfield><subfield code="2">fast</subfield><subfield code="0">(OCoLC)fst01423814</subfield></datafield><datafield ind1=" " ind2=" " tag="752"><subfield code="a">United States</subfield><subfield code="b">Delaware</subfield><subfield code="c">New Castle</subfield><subfield code="d">Wilmington.</subfield></datafield><datafield ind1="0" ind2=" " tag="775"><subfield code="t">Delaware weekly Republican</subfield><subfield code="w">(DLC)sn 84020401</subfield></datafield><datafield ind1="0" ind2="8" tag="776"><subfield code="i">Originally issued in print:</subfield><subfield code="t">Daily Republican (Wilmington, Del. : 1874)</subfield><subfield code="x">2476-2725</subfield><subfield code="w">(DLC)sn 84038114</subfield><subfield code="w">(OCoLC)11175797</subfield></datafield><datafield ind1="0" ind2="0" tag="780"><subfield code="t">Delaware Republican (Wilmington, Del.)</subfield><subfield code="x">2572-0252</subfield><subfield code="w">(DLC)  2017218603</subfield><subfield code="w">(OCoLC)974039638</subfield></datafield><datafield ind1="0" ind2="0" tag="785"><subfield code="t">Wilmington daily Republican</subfield><subfield code="x">2574-7010</subfield><subfield code="w">(DLC)  2017218640</subfield><subfield code="w">(OCoLC)1003044868</subfield></datafield><datafield ind1="4" ind2="0" tag="856"><subfield code="u">http://www.loc.gov/chroniclingamerica/lccn/sn84038114/issues</subfield></datafield></record>